% Encoding: UTF-8

@Article{list_2019,
  author       = {John A. List and Azeem M. Shaikh and Yang Xu},
  title        = {Multiple hypothesis testing in experimental economics},
  journal      = {Experimental Economics},
  year         = {2019},
  date         = {2019-01-29},
  journaltitle = {Experimental Economics},
}

@Article{romano_2005,
  author       = {Joseph P. Romano and Michael Wolf},
  title        = {Stepwise Multiple Testing as Formalized Data Snooping},
  journal      = {Econometrica},
  year         = {2005},
  date         = {2020-03-05},
  journaltitle = {Econometrica},
}

@Article{white_2000,
  author       = {Halbert White},
  title        = {A Reality Check for Data Snooping},
  journal      = {Econometrica},
  year         = {2000},
  date         = {2000-09-01},
  journaltitle = {Econometrica},
}

@Comment{jabref-meta: databaseType:bibtex;}
